@inproceedings{Deinzer00:VSC,
 author = {Deinzer, F. and Denzler, J. and Niemann, H.},
 title = {Viewpoint Selection - A Classifier Independent Learning Approach},
 year  = {2000},
 booktitle = {IEEE Southwest Symposium on Image Analysis and Interpretation, Austin, Texas, USA},
 publsiher = {IEEE Computer Society Press},
 address = {Los Alamitos, California},
 ISBN = {0-7695-0595-3},
 pages = {209--213}
}

@mastersthesis{Graessl:02:EDD,
author = {Christoph Gr{\"a}{\ss}l},
INSTITUTION =  {Lehrstuhl f{\"u}r Mustererkennung},
type = {Diplomarbeit},
title = {Erweiterung des diskret-statistischen Eigenraums auf kontinuierliche Objektmodelle},
school = {Lehrstuhl f\"{u}r Mustererkennung (Informatik 5), Institut f\"ur Informatik, Universit\"at Erlangen-N\"urnberg},
year = {2002},
noreview = {no}
}

@book{Bronstein97,
  author={Bronstein, I.},
  title={Taschenbuch der Mathematik},
  year={1997},
  publisher= {Harri Deutsch},
  address={Frankfurt am Main},
}

@Article{catmull74b,
  author =       "E. Catmull and R. Rom",
  title =        "A Class of Local Interpolating Splines",
  journal =      "Computer Aided Geometric Design",
  pages =        "317--326",
  year =         "1974",
  editor =       "R. E. Barnhill and R. F. Riesenfeld",
  publisher =    "Academic Press",
}

@misc{POVRAY:WEB,
  key = {Povray},
  title = {The {P}ersistence of {V}ision {R}aytracer ({POV}-{R}ay)},
  url = {http://www.povray.org/},
  note = {http://www.povray.org, zuletzt besucht am 01. Februar 2005}
}

#start papers for rigging
@article{embedding,
	author = {Baran, Ilya and Popovi\'{c}, Jovan},
	title = {Automatic Rigging and Animation of 3D Characters},
	journal = {ACM Trans. Graph.},
	issue_date = {July 2007},
	volume = {26},
	number = {3},
	month = jul,
	year = {2007},
	issn = {0730-0301},
	articleno = {72},
	url = {http://doi.acm.org/10.1145/1276377.1276467},
	doi = {10.1145/1276377.1276467},
	acmid = {1276467},
	publisher = {ACM},
	address = {New York, NY, USA},
	keywords = {animation, deformations, geometric modeling},
} 

@article{extraction,
	volume = {20},
	number = {2-3},
	month = {June},
	author = {J J Pan and X S Yang and X Xie and Philip Willis and J J Zhang},
	note = {Proceedings paper from the 22nd International Conference on Computer Animation and Social Agents (CASA 2009). Amsterdam, Netherlands, 17-19 June 2009},
	title = {Automatic rigging for animation characters with 3D silhouette},
	year = {2009},
	journal = {Computer Animation and Virtual Worlds},
	pages = {121--131},
	keywords = {medial axis,rigging,3d silhouette,curve skeleton,animation skeleton},
	url = {http://opus.bath.ac.uk/15310/},
	doi = {10.1002/cav.284}
}
@article {combination,
	author = {Pantuwong, Natapon and Sugimoto, Masanori},
	title = {A novel template-based automatic rigging algorithm for articulated-character animation},
	journal = {Computer Animation and Virtual Worlds},
	volume = {23},
	number = {2},
	publisher = {John Wiley & Sons, Ltd},
	issn = {1546-427X},
	url = {http://dx.doi.org/10.1002/cav.1429},
	doi = {10.1002/cav.1429},
	pages = {125--141},
	keywords = {automatic rigging, skeleton, animation, template skeleton, skeleton reusing},
	year = {2012},
}

# end papers for rigging
